@article{https://doi.org/10.1111/rssb.12509,
  author = {P.~Rubin-Delanchy and J.~Cape and M.~Tang and C.~E.~Priebe},
  title = {A statistical interpretation of spectral embedding: The generalised random dot product graph},
  journal = {JRSS},
  volume = {},
  number = {},
  pages = {},
  year = {2022},
  keywords = {graph embedding, networks, spectral clustering, stochastic block model},
  doi = {10.1111/rssb.12509}
}

@article{307cbeb9b1be48299388437423d94bf1,
  title = "A block model for node popularity in networks with community structure",
  author = "S.~Sengupta and Y.~Chen",
  year = "2018",
  journal = "JRSS",
}

